
@book{gabka_kurt_russische_1989,
	address = {Leipzig},
	edition = {1. Aufl.},
	title = {Russische Sprache der Gegenwart},
	volume = {3: Syntax},
	isbn = {9783324004978},
	publisher = {Verl. Enzyklopa?die},
	author = {Kurt Gabka},
	editor = {Gabka, Kurt and Mulisch, Herbert},
	year = {1989}
},

@book{chomsky_syntactic_1957,
	address = {Den Haag},
	edition = {2. A.},
	title = {Syntactic Structures},
	publisher = {Mouton},
	author = {Noam Chomsky},
	year = {1957}
},

@book{weber_dependenzgrammatik._1997,
	address = {Tu?bingen},
	edition = {2., \"{u}berarb. A.},
	title = {Dependenzgrammatik. Inkl: Ein interaktives Arbeitsbuch},
	isbn = {3823349503},
	shorttitle = {Dependenzgrammatik. Inkl},
	publisher = {Narr},
	author = {Heinz Josef Weber},
	month = jan,
	year = {1997}
},

@book{agel_valenztheorie_2000,
	address = {Tu?bingen},
	title = {Valenztheorie},
	isbn = {9783823349785},
	publisher = {Narr},
	author = {Vilmos A?gel},
	year = {2000}
},

@book{melcuk_communicative_2001,
	address = {Amsterdam},
	title = {Communicative Organization in Natural Language: The {Semantic-Communicative} Structure of Sentences},
	isbn = {1588111016},
	shorttitle = {Communicative Organization in Natural Language},
	publisher = {John Benjamins Pub Co},
	author = {Igor A. Melcuk},
	month = aug,
	year = {2001}
},

@book{melcuk_dependency_1987,
	address = {Albany, {NY}},
	title = {Dependency Syntax: Theory and Practice},
	isbn = {0887064515},
	shorttitle = {Dependency Syntax},
	publisher = {State University of New York Press},
	author = {Igor' A. {Mel'Cuk}},
	month = sep,
	year = {1987}
},

@book{pelz_linguistik:_1996,
	address = {Hamburg},
	title = {Linguistik: Eine Einf\"{u}hrung},
	isbn = {3455103316},
	shorttitle = {Linguistik},
	publisher = {Hoffmann und Campe},
	author = {Heidrun Pelz},
	year = {1996}
},

@book{bumann_lexikon_2002,
	address = {Stuttgart},
	edition = {3., aktualis. und erweit. Aufl.},
	title = {Lexikon der Sprachwissenschaft},
	isbn = {9783520452030},
	publisher = {Alfred Kro?ner},
	author = {Hadumod Bu{\ss}mann},
	year = {2002}
},

@book{ramers_einfuehrung_2007,
	address = {Stuttgart},
	edition = {2., Aufl.},
	title = {Einf\"{u}hrung in die Syntax},
	isbn = {3825221741},
	publisher = {{UTB}},
	author = {{Karl-Heinz} Ramers},
	month = apr,
	year = {2007}
},

@book{linke_studienbuch_2004,
	address = {T\"{u}bingen},
	edition = {5., erw. A.},
	title = {Studienbuch Linguistik},
	isbn = {3484311215},
	publisher = {Niemeyer},
	author = {Angelika Linke and Markus Nussbaumer and Paul R. Portmann},
	year = {2004}
}
