% This file was created with JabRef 2.6.
% Encoding: ISO8859_1

@BOOK{agel_valenztheorie_2000,
  title = {Valenztheorie},
  publisher = {Narr},
  year = {2000},
  author = {Vilmos Agel},
  address = {T\"{u}bingen}
}

@BOOK{Astachova1992,
  title = {Predlozenie i ego clenenie : pragmatika, semantika, sintaksis},
  publisher = {DGU},
  year = {1992},
  author = {Astachova, Lidija I.},
  address = {Dnepropetrovsk},
  owner = {artur},
  timestamp = {2010.12.02}
}

@BOOK{belosapkova_sovremennyj_1989,
  title = {Sovremennyj russkij jazyk},
  publisher = {Izd. "Vyss. skola"},
  year = {1989},
  author = {Belosapkova, Vera A.},
  address = {Moskau},
  edition = {2},
  owner = {artur},
  timestamp = {2010.12.01}
}

@BOOK{bumann_lexikon_2002,
  title = {Lexikon der Sprachwissenschaft},
  publisher = {Alfred Kr\"{o}ner},
  year = {2002},
  author = {Hadumod Bu{\ss}mann},
  address = {Stuttgart},
  edition = {3., aktualis. und erweit. Aufl.}
}

@BOOK{chomsky_syntactic_1957,
  title = {Syntactic Structures},
  publisher = {Mouton},
  year = {1957},
  author = {Noam Chomsky},
  address = {Den Haag},
  edition = {2. A.}
}

@BOOK{duerscheid_syntax_2010,
  title = {Syntax: Grundlagen und Theorien},
  publisher = {Vanderhoeck \& Ruprecht},
  year = {2010},
  author = {Christa D\"{u}rscheid},
  address = {G\"{o}ttingen},
  edition = {5.}
}

@BOOK{Dolgova1980,
  title = {Sintaksis kak nauka o postroenii reci},
  year = {1980},
  author = {Dolgova, Ol'ga V.},
  address = {Moskva},
  owner = {artur},
  timestamp = {2010.12.02}
}

@BOOK{gabka_kurt_russische_1989,
  title = {Russische Sprache der Gegenwart},
  publisher = {Verl. Enzyklop\"{a}die},
  year = {1989},
  editor = {Gabka, Kurt and Mulisch, Herbert},
  author = {Kurt Gabka},
  volume = {3: Syntax},
  address = {Leipzig},
  edition = {1. Aufl.}
}

@BOOK{hentschel_handbuch_2003,
  title = {Handbuch der deutschen Grammatik},
  publisher = {de Gruyter},
  year = {2003},
  author = {Elke Hentschel and Harald Weydt},
  address = {Berlin},
  edition = {3},
  owner = {artur},
  timestamp = {2010.12.01}
}

@BOOK{kardanova_russkij_2009,
  title = {Russkij jazyk: sintaksis},
  publisher = {Flinta},
  year = {2009},
  author = {Kardanova, Madina A.},
  address = {Moskva},
  edition = {2},
  owner = {artur},
  timestamp = {2010.12.02}
}

@BOOK{kiklevic_pritjazenie_2009,
  title = {Pritjazenie jazyka},
  publisher = {Centrum Bada´n Europy Wschodniej Uniw. Warmi´nsko-Mazurskiego},
  year = {2009},
  author = {Kiklevic, Aleksandr K.},
  address = {Olsztyn},
  owner = {artur},
  timestamp = {2010.12.02}
}

@BOOK{lekant_sovremennyj_2010,
  title = {Sovremennyj russkij jazyk : sintaksis},
  publisher = {Akademija},
  year = {2010},
  author = {Lekant, Pavel A.},
  address = {Moskva},
  owner = {artur},
  timestamp = {2010.12.02}
}

@BOOK{lekomcev_voprosy_1974,
  title = {Voprosy struktury jazyka: sintaksis, tipologija},
  publisher = {Izdat. Nauka},
  year = {1974},
  editor = {Lekomcev, Jurij K.},
  author = {Lekomcev, Jurij K.},
  address = {Moskva},
  owner = {artur},
  timestamp = {2010.12.01}
}

@BOOK{linke_studienbuch_2004,
  title = {Studienbuch Linguistik},
  publisher = {Niemeyer},
  year = {2004},
  author = {Angelika Linke and Markus Nussbaumer and Paul R. Portmann},
  address = {T\"{u}bingen},
  edition = {5., erw. A.}
}

@BOOK{melcuk_communicative_2001,
  title = {Communicative Organization in Natural Language: The {Semantic-Communicative}
	Structure of Sentences},
  publisher = {John Benjamins Pub Co},
  year = {2001},
  author = {Igor' A. Mel'cuk},
  address = {Amsterdam},
  month = aug,
  shorttitle = {Communicative Organization in Natural Language}
}

@BOOK{melcuk_dependency_1987,
  title = {Dependency Syntax: Theory and Practice},
  publisher = {State University of New York Press},
  year = {1987},
  author = {Igor' A. Mel'cuk},
  address = {Albany, {NY}},
  month = sep,
  shorttitle = {Dependency Syntax}
}

@BOOK{pelz_linguistik:_1996,
  title = {Linguistik: Eine Einf\"{u}hrung},
  publisher = {Hoffmann und Campe},
  year = {1996},
  author = {Heidrun Pelz},
  address = {Hamburg},
  shorttitle = {Linguistik}
}

@BOOK{ramers_einfuehrung_2000,
  title = {Einf\"{u}hrung in die Syntax},
  publisher = {Fink},
  year = {2000},
  author = {Karl-Heinz Ramers},
  address = {München}
}

@BOOK{revzin_sovremennaja_1977,
  title = {Sovremennaja strukturnaja lingvistika},
  publisher = {Nauka},
  year = {1977},
  author = {Revzin, Isaak I.},
  address = {Moskva},
  owner = {artur},
  timestamp = {2010.12.01}
}

@BOOK{Sannikov2008,
  title = {Russkij sintaksis v semantiko-pragmaticeskom prostranstve},
  year = {2008},
  author = {Sannikov, Vladimir Z.},
  address = {Moskva},
  owner = {artur},
  timestamp = {2010.12.02}
}

@BOOK{svedova_russkaja_1980,
  title = {Russkaja grammatika / Akademija Nauk SSSR, Institut Russkogo Jazyka.
	[Red. Koll.: N. Ju. °Svedova ...]},
  publisher = {Nauka},
  year = {1980},
  editor = {Svedova, Natalija Ju.},
  author = {Svedova, Natalija Ju.},
  volume = {2. Sintaksis},
  address = {Moskva},
  owner = {artur},
  timestamp = {2010.12.02}
}

@BOOK{tesniere_grundzuege_1980,
  title = {Grundzüge der strukturalen Syntax},
  publisher = {Klett-Cotta},
  year = {1980},
  author = {Lucien Tesnière},
  address = {Stuttgart},
  edition = {1},
  owner = {artur},
  timestamp = {2010.11.30}
}

@BOOK{weber_dependenzgrammatik._1997,
  title = {Dependenzgrammatik. Inkl: Ein interaktives Arbeitsbuch},
  publisher = {Narr},
  year = {1997},
  author = {Heinz Josef Weber},
  address = {T\"{u}bingen},
  edition = {2., \"{u}berarb. A.},
  month = jan,
  shorttitle = {Dependenzgrammatik. Inkl}
}

